@inproceedings{goodfellow2014generative,
  title={Generative adversarial nets},
  author={Goodfellow, Ian and Pouget-Abadie, Jean and Mirza, Mehdi and Xu, Bing and Warde-Farley, David and Ozair, Sherjil and Courville, Aaron and Bengio, Yoshua},
  booktitle={Advances in neural information processing systems},
  pages={2672--2680},
  year={2014}
}

@article {meringer1999versprechen,
  title = {Promise and Read, Goschenscher-Verlag},
  author = {Meringer, R and Mayer, K},
  journal = {Level WJ M. Models of word production. Trends in cognitive sciences},
  volume = {3},
  number = {6},
  pages = {223-232},
  year = {1999}
}

@inproceedings{salakhutdinov2009deep,
  title={Deep boltzmann machines},
  author={Salakhutdinov, Ruslan and Hinton, Geoffrey},
  booktitle={Artificial intelligence and statistics},
  pages={448--455},
  year={2009}
}

@book{hubbard1998world,
  title={The world according to wavelets: the story of a mathematical technique in the making},
  author={Hubbard, Barbara Burke},
  year={1998},
  publisher={AK Peters/CRC Press}
}

@inproceedings{liu2017unsupervised,
  title={Unsupervised image-to-image translation networks},
  author={Liu, Ming-Yu and Breuel, Thomas and Kautz, Jan},
  booktitle={Advances in Neural Information Processing Systems},
  pages={700--708},
  year={2017}
}

@article{gabor1946theory,
  title={Theory of communication. Part 1: The analysis of information},
  author={Gabor, Dennis},
  journal={Journal of the Institution of Electrical Engineers-Part III: Radio and Communication Engineering},
  volume={93},
  number={26},
  pages={429--441},
  year={1946},
  publisher={IET}
}

@article{harris1978use,
  title={On the use of windows for harmonic analysis with the discrete Fourier transform},
  author={Harris, Fredric J},
  journal={Proceedings of the IEEE},
  volume={66},
  number={1},
  pages={51--83},
  year={1978},
  publisher={IEEE}
}

@article{griffin1984signal,
  title={Signal estimation from modified short-time Fourier transform},
  author={Griffin, Daniel and Lim, Jae},
  journal={IEEE Transactions on Acoustics, Speech, and Signal Processing},
  volume={32},
  number={2},
  pages={236--243},
  year={1984},
  publisher={IEEE}
}

@inproceedings{umesh1999fitting,
  title={Fitting the mel scale},
  author={Umesh, Srinivasan and Cohen, Leon and Nelson, D},
  booktitle={1999 IEEE International Conference on Acoustics, Speech, and Signal Processing. Proceedings. ICASSP99 (Cat. No. 99CH36258)},
  volume={1},
  pages={217--220},
  year={1999},
  organization={IEEE}
}

@inproceedings{perraudin2013fast,
  title={A fast Griffin-Lim algorithm},
  author={Perraudin, Nathana{\"e}l and Balazs, Peter and S{\o}ndergaard, Peter L},
  booktitle={2013 IEEE Workshop on Applications of Signal Processing to Audio and Acoustics},
  pages={1--4},
  year={2013},
  organization={IEEE}
}

@inproceedings{le2010fast,
  title={Fast signal reconstruction from magnitude STFT spectrogram based on spectrogram consistency},
  author={Le Roux, Jonathan and Kameoka, Hirokazu and Ono, Nobutaka and Sagayama, Shigeki},
  booktitle={Proc. Int. Conf. Digital Audio Effects},
  volume={10},
  year={2010}
}

@article{jaganathan2015phase,
  title={Phase retrieval: An overview of recent developments},
  author={Jaganathan, Kishore and Eldar, Yonina C and Hassibi, Babak},
  journal={arXiv preprint arXiv:1510.07713},
  year={2015}
}

@article{pruuvsa2017noniterative,
  title={A noniterative method for reconstruction of phase from STFT magnitude},
  author={Pr{}{\v{s}}a, Zden{\v{e}}k and Balazs, Peter and S{\o}ndergaard, Peter Lempel},
  journal={IEEE/ACM Transactions on Audio, Speech, and Language Processing},
  volume={25},
  number={5},
  pages={1154--1164},
  year={2017},
  publisher={IEEE}
}

@article{auger2012phase,
  title={On phase-magnitude relationships in the short-time Fourier transform},
  author={Auger, Fran{\c{c}}ois and Chassande-Mottin, {\'E}ric and Flandrin, Patrick},
  journal={IEEE Signal Processing Letters},
  volume={19},
  number={5},
  pages={267--270},
  year={2012},
  publisher={IEEE}
}

@article{koening1949new,
  title={A new frequency scala for acoustic measurements},
  author={Koening, W},
  journal={Bell Lab Rec.},
  pages={299--301},
  year={1949}
}

@article{stevens1940relation,
  title={The relation of pitch to frequency: A revised scale},
  author={Stevens, Stanley S and Volkmann, John},
  journal={The American Journal of Psychology},
  volume={53},
  number={3},
  pages={329--353},
  year={1940},
  publisher={JSTOR}
}

@inproceedings{kopparapu2010choice,
  title={Choice of Mel filter bank in computing MFCC of a resampled speech},
  author={Kopparapu, Sunil Kumar and Laxminarayana, M},
  booktitle={10th International Conference on Information Science, Signal Processing and their Applications (ISSPA 2010)},
  pages={121--124},
  year={2010},
  organization={IEEE}
}

@book{Goodfellow-et-al-2016,
    title={Deep Learning},
    author={Ian Goodfellow and Yoshua Bengio and Aaron Courville},
    publisher={MIT Press},
    note={\url{http://www.deeplearningbook.org}},
    year={2016}
}

@article{hornik1989multilayer,
  title={Multilayer feedforward networks are universal approximators},
  author={Hornik, Kurt and Stinchcombe, Maxwell and White, Halbert},
  journal={Neural networks},
  volume={2},
  number={5},
  pages={359--366},
  year={1989},
  publisher={Elsevier}
}
@article{mitchell1990machine,
  title={Machine learning},
  author={Mitchell, Tom and Buchanan, Bruce and DeJong, Gerald and Dietterich, Thomas and Rosenbloom, Paul and Waibel, Alex},
  journal={Annual review of computer science},
  volume={4},
  number={1},
  pages={417--433},
  year={1990},
  publisher={Annual Reviews 4139 El Camino Way, PO Box 10139, Palo Alto, CA 94303-0139, USA}
}

@article{lecun1995convolutional,
  title={Convolutional networks for images, speech, and time series},
  author={LeCun, Yann and Bengio, Yoshua and others},
  journal={The handbook of brain theory and neural networks},
  volume={3361},
  number={10},
  pages={1995},
  year={1995}
}

@article{hinton2009deep,
  title={Deep belief networks},
  author={Hinton, Geoffrey E},
  journal={Scholarpedia},
  volume={4},
  number={5},
  pages={5947},
  year={2009}
}

@inproceedings{krizhevsky2012imagenet,
  title={Imagenet classification with deep convolutional neural networks},
  author={Krizhevsky, Alex and Sutskever, Ilya and Hinton, Geoffrey E},
  booktitle={Advances in neural information processing systems},
  pages={1097--1105},
  year={2012}
}

@inproceedings{donahue2014decaf,
  title={Decaf: A deep convolutional activation feature for generic visual recognition},
  author={Donahue, Jeff and Jia, Yangqing and Vinyals, Oriol and Hoffman, Judy and Zhang, Ning and Tzeng, Eric and Darrell, Trevor},
  booktitle={International conference on machine learning},
  pages={647--655},
  year={2014}
}

@inproceedings{he2016deep,
  title={Deep residual learning for image recognition},
  author={He, Kaiming and Zhang, Xiangyu and Ren, Shaoqing and Sun, Jian},
  booktitle={Proceedings of the IEEE conference on computer vision and pattern recognition},
  pages={770--778},
  year={2016}
}

@article{goodfellow2016nips,
  title={NIPS 2016 tutorial: Generative adversarial networks},
  author={Goodfellow, Ian},
  journal={arXiv preprint arXiv:1701.00160},
  year={2016}
}

@article{salakhutdinov2015learning,
  title={Learning deep generative models},
  author={Salakhutdinov, Ruslan},
  journal={Annual Review of Statistics and Its Application},
  volume={2},
  pages={361--385},
  year={2015},
  publisher={Annual Reviews}
}

@inproceedings{bengio2014deep,
  title={Deep generative stochastic networks trainable by backprop},
  author={Bengio, Yoshua and Laufer, Eric and Alain, Guillaume and Yosinski, Jason},
  booktitle={International Conference on Machine Learning},
  pages={226--234},
  year={2014}
}
@article{qian1999momentum,
  title={On the momentum term in gradient descent learning algorithms},
  author={Qian, Ning},
  journal={Neural networks},
  volume={12},
  number={1},
  pages={145--151},
  year={1999},
  publisher={Elsevier}
}

@article{kingma2014adam,
  title={Adam: A method for stochastic optimization},
  author={Kingma, Diederik P and Ba, Jimmy},
  journal={arXiv preprint arXiv:1412.6980},
  year={2014}
}

@article{duchi2011adaptive,
  title={Adaptive subgradient methods for online learning and stochastic optimization},
  author={Duchi, John and Hazan, Elad and Singer, Yoram},
  journal={Journal of Machine Learning Research},
  volume={12},
  number={Jul},
  pages={2121--2159},
  year={2011}
}

@article{kahng2018gan,
  title={Gan lab: Understanding complex deep generative models using interactive visual experimentation},
  author={Kahng, Minsuk and Thorat, Nikhil and Chau, Duen Horng Polo and Vi{\'e}gas, Fernanda B and Wattenberg, Martin},
  journal={IEEE transactions on visualization and computer graphics},
  volume={25},
  number={1},
  pages={1--11},
  year={2018},
  publisher={IEEE}
}

@article{kingma2013auto,
  title={Auto-encoding variational bayes},
  author={Kingma, Diederik P and Welling, Max},
  journal={arXiv preprint arXiv:1312.6114},
  year={2013}
}

@article{kullback1951information,
  title={On information and sufficiency},
  author={Kullback, Solomon and Leibler, Richard A},
  journal={The annals of mathematical statistics},
  volume={22},
  number={1},
  pages={79--86},
  year={1951},
  publisher={JSTOR}
}

@article{doersch2016tutorial,
  title={Tutorial on variational autoencoders},
  author={Doersch, Carl},
  journal={arXiv preprint arXiv:1606.05908},
  year={2016}
}

@inproceedings{zhu2017unpaired,
  title={Unpaired image-to-image translation using cycle-consistent adversarial networks},
  author={Zhu, Jun-Yan and Park, Taesung and Isola, Phillip and Efros, Alexei A},
  booktitle={Proceedings of the IEEE international conference on computer vision},
  pages={2223--2232},
  year={2017}
}

@article{oord2016wavenet,
  title={Wavenet: A generative model for raw audio},
  author={Oord, Aaron van den and Dieleman, Sander and Zen, Heiga and Simonyan, Karen and Vinyals, Oriol and Graves, Alex and Kalchbrenner, Nal and Senior, Andrew and Kavukcuoglu, Koray},
  journal={arXiv preprint arXiv:1609.03499},
  year={2016}
}

@article{engel2019gansynth,
  title={Gansynth: Adversarial neural audio synthesis},
  author={Engel, Jesse and Agrawal, Kumar Krishna and Chen, Shuo and Gulrajani, Ishaan and Donahue, Chris and Roberts, Adam},
  journal={arXiv preprint arXiv:1902.08710},
  year={2019}
}

@article{marafiotiadversarial,
  title={Adversarial Generation of Time-Frequency Features},
  author={Marafioti, Andr{\'e}s and Holighaus, Nicki and Perraudin, Nathana{\"e}l and Majdak, Piotr}
}

@article{hosseini2018multi,
  title={A multi-discriminator cyclegan for unsupervised non-parallel speech domain adaptation},
  author={Hosseini-Asl, Ehsan and Zhou, Yingbo and Xiong, Caiming and Socher, Richard},
  journal={arXiv preprint arXiv:1804.00522},
  year={2018}
}

@article{kaneko2017parallel,
  title={Parallel-data-free voice conversion using cycle-consistent adversarial networks},
  author={Kaneko, Takuhiro and Kameoka, Hirokazu},
  journal={arXiv preprint arXiv:1711.11293},
  year={2017}
}

@article{nakashika2016non,
  title={Non-parallel training in voice conversion using an adaptive restricted boltzmann machine},
  author={Nakashika, Toru and Takiguchi, Tetsuya and Minami, Yasuhiro and Nakashika, Toru and Takiguchi, Tetsuya and Minami, Yasuhiro},
  journal={IEEE/ACM Transactions on Audio, Speech and Language Processing (TASLP)},
  volume={24},
  number={11},
  pages={2032--2045},
  year={2016},
  publisher={IEEE Press}
}

@inproceedings{huang2018voice,
  title={Voice conversion based on cross-domain features using variational auto encoders},
  author={Huang, Wen-Chin and Hwang, Hsin-Te and Peng, Yu-Huai and Tsao, Yu and Wang, Hsin-Min},
  booktitle={2018 11th International Symposium on Chinese Spoken Language Processing (ISCSLP)},
  pages={51--55},
  year={2018},
  organization={IEEE}
}

@inproceedings{qian2019autovc,
  title={AUTOVC: Zero-Shot Voice Style Transfer with Only Autoencoder Loss},
  author={Qian, Kaizhi and Zhang, Yang and Chang, Shiyu and Yang, Xuesong and Hasegawa-Johnson, Mark},
  booktitle={International Conference on Machine Learning},
  pages={5210--5219},
  year={2019}
}

@inproceedings{salimans2016improved,
  title={Improved techniques for training gans},
  author={Salimans, Tim and Goodfellow, Ian and Zaremba, Wojciech and Cheung, Vicki and Radford, Alec and Chen, Xi},
  booktitle={Advances in neural information processing systems},
  pages={2234--2242},
  year={2016}
}

@inproceedings{heusel2017gans,
  title={Gans trained by a two time-scale update rule converge to a local nash equilibrium},
  author={Heusel, Martin and Ramsauer, Hubert and Unterthiner, Thomas and Nessler, Bernhard and Hochreiter, Sepp},
  booktitle={Advances in Neural Information Processing Systems},
  pages={6626--6637},
  year={2017}
}

@inproceedings{he2016identity,
  title={Identity mappings in deep residual networks},
  author={He, Kaiming and Zhang, Xiangyu and Ren, Shaoqing and Sun, Jian},
  booktitle={European conference on computer vision},
  pages={630--645},
  year={2016},
  organization={Springer}
}
@inproceedings{salakhutdinov2007restricted,
  title={Restricted Boltzmann machines for collaborative filtering},
  author={Salakhutdinov, Ruslan and Mnih, Andriy and Hinton, Geoffrey},
  booktitle={Proceedings of the 24th international conference on Machine learning},
  pages={791--798},
  year={2007},
  organization={ACM}
}

@inproceedings{panayotov2015librispeech,
  title={Librispeech: an ASR corpus based on public domain audio books},
  author={Panayotov, Vassil and Chen, Guoguo and Povey, Daniel and Khudanpur, Sanjeev},
  booktitle={2015 IEEE International Conference on Acoustics, Speech and Signal Processing (ICASSP)},
  pages={5206--5210},
  year={2015},
  organization={IEEE}
}